<?xml version="1.0" encoding="UTF-8"?><collection xmlns="http://www.loc.gov/MARC21/slim"><record><leader>00389nam--2200133-i-4500</leader><controlfield tag="001">000033353</controlfield><controlfield tag="002">20161230</controlfield><controlfield tag="005">20161230201039</controlfield><controlfield tag="008">060222s1000------------r-----000-0-eng-d</controlfield><datafield ind1=" " ind2=" " tag="080"><subfield code="a">530.16</subfield></datafield><datafield ind1=" " ind2=" " tag="245"><subfield code="a">Monographs in statistical physics and thermodynamics. vol.1: non-equilibrium statistical mechanics</subfield></datafield><datafield ind1=" " ind2=" " tag="260"><subfield code="a">New York, Interscience Publ., 1962</subfield></datafield><datafield ind1=" " ind2=" " tag="700"><subfield code="a">Prigogine, I</subfield></datafield><datafield ind1=" " ind2=" " tag="852"><subfield code="a">16809</subfield></datafield></record></collection>